<?xml version="1.0" encoding="UTF-8"?><collection xmlns="http://www.loc.gov/MARC21/slim"><record><leader>00382nam--2200133-i-4500</leader><controlfield tag="001">000009672</controlfield><controlfield tag="002">20161230</controlfield><controlfield tag="005">20161230201028</controlfield><controlfield tag="008">060222s1000------------r-----000-0-eng-d</controlfield><datafield ind1=" " ind2=" " tag="080"><subfield code="a">62-52</subfield></datafield><datafield ind1=" " ind2=" " tag="245"><subfield code="a">Comanda si reglarea automata a proceselor ondustriale</subfield></datafield><datafield ind1=" " ind2=" " tag="260"><subfield code="a">Bucuresti, Institutul Central De Documentare Tehnica, 1971, 78 P</subfield></datafield><datafield ind1=" " ind2=" " tag="490"><subfield code="a">Culegere De Traduceri</subfield></datafield><datafield ind1=" " ind2=" " tag="852"><subfield code="a">34810</subfield></datafield></record></collection>